<?xml version="1.0" encoding="UTF-8"?>
<collection xmlns="http://www.loc.gov/MARC21/slim">
 <record>
  <leader>02501cam a2200505K  4500</leader>
  <controlfield tag="001">8360016</controlfield>
  <controlfield tag="005">20111025163200.0</controlfield>
  <controlfield tag="006">m        d        </controlfield>
  <controlfield tag="007">cr |||||||||||</controlfield>
  <controlfield tag="008">110408s1931    iluabfe o     000 0 eng  </controlfield>
  <controlfield tag="003">OLE</controlfield>
  <datafield tag="035" ind1=" " ind2=" ">
   <subfield code="a">8360016</subfield>
  </datafield>
  <datafield tag="035" ind1=" " ind2=" ">
   <subfield code="a">(OCoLC)711863474</subfield>
  </datafield>
  <datafield tag="040" ind1=" " ind2=" ">
   <subfield code="a">CGU</subfield>
   <subfield code="c">CGU</subfield>
   <subfield code="d">CGU</subfield>
   <subfield code="d">UtOrBLW</subfield>
  </datafield>
  <datafield tag="043" ind1=" " ind2=" ">
   <subfield code="a">a-is---</subfield>
   <subfield code="a">f-ua---</subfield>
  </datafield>
  <datafield tag="049" ind1=" " ind2=" ">
   <subfield code="a">CGUA</subfield>
  </datafield>
  <datafield tag="050" ind1="0" ind2="0">
   <subfield code="a">PJ2</subfield>
   <subfield code="b">.C5 no. 9</subfield>
  </datafield>
  <datafield tag="050" ind1="0" ind2="4">
   <subfield code="a">DS110.A7G8</subfield>
  </datafield>
  <datafield tag="100" ind1="1" ind2=" ">
   <subfield code="a">Guy, P. L. O.</subfield>
   <subfield code="q">(Philip Langstaffe Ord),</subfield>
   <subfield code="d">1885.</subfield>
  </datafield>
  <datafield tag="245" ind1="1" ind2="0">
   <subfield code="a">New light from Armageddon</subfield>
   <subfield code="h">[electronic resource] :</subfield>
   <subfield code="b">second provisional report (1927-29) on the excavations at Megiddo in Palestine /</subfield>
   <subfield code="c">by P. L. O. Guy, with a chapter on an inscribed scaraboid by W. E. Staples.</subfield>
  </datafield>
  <datafield tag="260" ind1=" " ind2=" ">
   <subfield code="a">Chicago, Ill. :</subfield>
   <subfield code="b">University of Chicago Press,</subfield>
   <subfield code="c">[1931]</subfield>
  </datafield>
  <datafield tag="300" ind1=" " ind2=" ">
   <subfield code="a">1 online resource (x, 68 p.</subfield>
   <subfield code="b">front., illus., fold. pl. maps (1 fold.) plans (1 fold.))</subfield>
  </datafield>
  <datafield tag="490" ind1="1" ind2=" ">
   <subfield code="a">Oriental Institute communications,</subfield>
   <subfield code="v">no. 9</subfield>
  </datafield>
  <datafield tag="500" ind1=" " ind2=" ">
   <subfield code="a">A preliminary report for the work of 1925 and 1926 was published in 1929 as Oriental institute communications no. 4, under title: The excavation of Armageddon, by Clarence Fisher. cf. p. 9.</subfield>
  </datafield>
  <datafield tag="651" ind1=" " ind2="0">
   <subfield code="a">Megiddo (Extinct city)</subfield>
  </datafield>
  <datafield tag="651" ind1=" " ind2="0">
   <subfield code="a">Palestine</subfield>
   <subfield code="x">Antiquities.</subfield>
  </datafield>
  <datafield tag="650" ind1=" " ind2="7">
   <subfield code="a">Antiquities.</subfield>
   <subfield code="2">fast</subfield>
   <subfield code="0">http://id.worldcat.org/fast/fst00810745</subfield>
  </datafield>
  <datafield tag="650" ind1=" " ind2="7">
   <subfield code="a">Seals (Numismatics)</subfield>
   <subfield code="2">fast</subfield>
   <subfield code="0">http://id.worldcat.org/fast/fst01110321</subfield>
  </datafield>
  <datafield tag="651" ind1=" " ind2="7">
   <subfield code="a">Egypt.</subfield>
   <subfield code="2">fast</subfield>
   <subfield code="0">http://id.worldcat.org/fast/fst01208755</subfield>
  </datafield>
  <datafield tag="651" ind1=" " ind2="7">
   <subfield code="a">Israel</subfield>
   <subfield code="z">Megiddo (Extinct city)</subfield>
   <subfield code="2">fast</subfield>
   <subfield code="0">http://id.worldcat.org/fast/fst01896865</subfield>
  </datafield>
  <datafield tag="651" ind1=" " ind2="7">
   <subfield code="a">Middle East</subfield>
   <subfield code="z">Palestine.</subfield>
   <subfield code="2">fast</subfield>
   <subfield code="0">http://id.worldcat.org/fast/fst01207534</subfield>
  </datafield>
  <datafield tag="650" ind1=" " ind2="0">
   <subfield code="a">Seals (Numismatics)</subfield>
   <subfield code="z">Egypt.</subfield>
  </datafield>
  <datafield tag="650" ind1="1" ind2="7">
   <subfield code="a">Opgravingen.</subfield>
   <subfield code="2">gtt</subfield>
  </datafield>
  <datafield tag="650" ind1="1" ind2="7">
   <subfield code="a">Inscripties.</subfield>
   <subfield code="2">gtt</subfield>
  </datafield>
  <datafield tag="650" ind1="1" ind2="7">
   <subfield code="a">Scarabeeën.</subfield>
   <subfield code="2">gtt</subfield>
  </datafield>
  <datafield tag="700" ind1="1" ind2=" ">
   <subfield code="a">Staples, William Ewart.</subfield>
  </datafield>
  <datafield tag="740" ind1="0" ind2=" ">
   <subfield code="a">Excavation of Armageddon.</subfield>
  </datafield>
  <datafield tag="776" ind1="0" ind2="8">
   <subfield code="i">Print version:</subfield>
   <subfield code="a">Guy, P. L. O. (Philip Langstaffe Ord), b. 1885.</subfield>
   <subfield code="t">New light from Armageddon.</subfield>
   <subfield code="d">Chicago, Ill., The university of Chicago press [1931]</subfield>
   <subfield code="w">(DLC) 31016113</subfield>
   <subfield code="w">(OCoLC)03991953</subfield>
   <subfield code="w">(ICU)3944937</subfield>
  </datafield>
  <datafield tag="856" ind1="4" ind2="0">
   <subfield code="u">http://bibpurl.oclc.org/web/42334</subfield>
  </datafield>
  <datafield tag="856" ind1="4" ind2="0">
   <subfield code="u">http://oi.uchicago.edu/research/pubs/catalog/oic/oic9.html</subfield>
  </datafield>
  <datafield tag="830" ind1=" " ind2="0">
   <subfield code="a">Oriental Institute communications ;</subfield>
   <subfield code="v">no. 9.</subfield>
  </datafield>
  <datafield tag="903" ind1=" " ind2=" ">
   <subfield code="a">MARS</subfield>
  </datafield>
  <datafield tag="903" ind1=" " ind2=" ">
   <subfield code="a">UCPress</subfield>
  </datafield>
  <datafield tag="928" ind1=" " ind2=" ">
   <subfield code="u">http://bibpurl.oclc.org/web/42334</subfield>
   <subfield code="c">FullText</subfield>
   <subfield code="l">Online</subfield>
   <subfield code="t">LCC</subfield>
   <subfield code="a">DS110.A7G89 1931</subfield>
  </datafield>
  <datafield tag="928" ind1=" " ind2=" ">
   <subfield code="u">http://oi.uchicago.edu/research/pubs/catalog/oic/oic9.html</subfield>
   <subfield code="c">FullText</subfield>
   <subfield code="l">Online</subfield>
   <subfield code="t">LCC</subfield>
   <subfield code="a">DS110.A7G89 1931</subfield>
  </datafield>
 </record>
</collection>
